% 1
@inproceedings{Fumhe,
 author = {Fumhe, Nyari and Naidoo, Rennie},
 title = {Violent Gaming and Player Aggression: Exploring the Effects of Socio-psychological and Technology Influences},
 booktitle = {Proceedings of the 2015 Annual Research Conference on South African Institute of Computer Scientists and Information Technologists},
 series = {SAICSIT '15},
 year = {2015},
 isbn = {978-1-4503-3683-3},
 location = {Stellenbosch, South Africa},
 pages = {17:1--17:7},
 articleno = {17},
 numpages = {7},
 url = {http://doi.acm.org.ezproxy.falmouth.ac.uk/10.1145/2815782.2815790},
 doi = {10.1145/2815782.2815790},
 acmid = {2815790},
 publisher = {ACM},
 address = {New York, NY, USA},
 keywords = {Aggression, Excessive Gaming, General Aggression Model, Interactive Richness, Pathological Gaming, Violent Video Games},
}

%2
@article{Ferguson,
title = {Evidence for publication bias in video game violence effects literature: A meta-analytic review},
journal = {Aggression and Violent Behavior},
volume = {12},
number = {4},
pages = {470 - 482},
year = {2007},
isbn = {1359-1789},
doi = {http://dx.doi.org/10.1016/j.avb.2007.01.001},
url = {http://www.sciencedirect.com/science/article/pii/S1359178907000055},
author = {Christopher J. Ferguson},
}

%3 - Video games ethics in general
@inproceedings{Tavinor,
 author = {Tavinor, Grant},
 title = {Towards an Ethics of Video Gaming},
 booktitle = {Proceedings of the 2007 Conference on Future Play},
 series = {Future Play '07},
 year = {2007},
 isbn = {978-1-59593-943-2},
 location = {Toronto, Canada},
 pages = {1--8},
 numpages = {8},
 url = {http://doi.acm.org.ezproxy.falmouth.ac.uk/10.1145/1328202.1328204},
 doi = {10.1145/1328202.1328204},
 acmid = {1328204},
 publisher = {ACM},
} 

%4
@inproceedings{Thayer,
 author = {Thayer, Alexander},
 title = {Analyzing Sociocultural Perspectives on Violence in Digital Games},
 booktitle = {Proceedings of the 2007 Conference on Future Play},
 series = {Future Play '07},
 year = {2007},
 isbn = {978-1-59593-943-2},
 location = {Toronto, Canada},
 pages = {23--29},
 numpages = {7},
 url = {http://doi.acm.org.ezproxy.falmouth.ac.uk/10.1145/1328202.1328207},
 doi = {10.1145/1328202.1328207},
 acmid = {1328207},
 publisher = {ACM},
 } 

%5 - IEEE
%Effect of video games on creativity
@INPROCEEDINGS{6659169,
author={W. Inchamnan and P. Wyeth and D. Johnson},
booktitle={2013 IEEE International Games Innovation Conference (IGIC)},
title={Does activity in computer game play have an impact on creative behaviour?},
year={2013},
pages={77-84},
doi={10.1109/IGIC.2013.6659169},
ISSN={2166-6741},
month={Sept},
}


%6
@INPROCEEDINGS{7011160,
author={A. Lekka and M. Sakellariou},
booktitle={Interactive Mobile Communication Technologies and Learning (IMCL), 2014 International Conference on},
title={Computer games and ethical issues},
year={2014},
pages={342-343},
doi={10.1109/IMCTL.2014.7011160},
month={Nov},}


%7
% wiimote - acting out in game violence 
@inproceedings{Kim,
 author = {Kim, Ki Joon and Biocca, Frank and Jeong, Eui Jun},
 title = {The Effects of Realistic Controller and Real-life Exposure to Gun on Psychology of Violent Video Game Players},
 booktitle = {Proceedings of the 5th International Conference on Ubiquitous Information Management and Communication},
 series = {ICUIMC '11},
 year = {2011},
 isbn = {978-1-4503-0571-6},
 location = {Seoul, Korea},
 pages = {49:1--49:5},
 articleno = {49},
 numpages = {5},
 url = {http://doi.acm.org.ezproxy.falmouth.ac.uk/10.1145/1968613.1968673},
 doi = {10.1145/1968613.1968673},
 acmid = {1968673},
 publisher = {ACM},
} 



%8
% wiimote + gun controller accessories 
@inproceedings{McArthur,
 author = {McArthur, Victoria and Castellucci, Steven J. and MacKenzie, I. Scott},
 title = {An Empirical Comparison of "Wiimote" Gun Attachments for Pointing Tasks},
 booktitle = {Proceedings of the 1st ACM SIGCHI Symposium on Engineering Interactive Computing Systems},
 series = {EICS '09},
 year = {2009},
 isbn = {978-1-60558-600-7},
 location = {Pittsburgh, PA, USA},
 pages = {203--208},
 numpages = {6},
 url = {http://doi.acm.org.ezproxy.falmouth.ac.uk/10.1145/1570433.1570471},
 doi = {10.1145/1570433.1570471},
 acmid = {1570471},
 publisher = {ACM},
} 


%10
@ARTICLE{6797280,
author={K. L. Nowak and M. Krcmar and K. M. Farrar},
journal={Presence},
title={The Causes and Consequences of Presence: Considering the Influence of Violent Video Games on Presence and Aggression},
year={2008},
volume={17},
number={3},
pages={256-268},
doi={10.1162/pres.17.3.256},
ISSN={1054-7460},
month={June},}



%11
% not from acm or ieee
% but VR is new so controls could be frustrating 
@article{przybylski2010motivational,
  title={A motivational model of video game engagement.},
  author={Przybylski, Andrew K and Rigby, C Scott and Ryan, Richard M},
  journal={Review of general psychology},
  volume={14},
  number={2},
  pages={154},
  year={2010},
  publisher={Educational Publishing Foundation}
}


%12
@INPROCEEDINGS{7070241,
author={E. J. Jeong and H. R. Lee and J. H. Woo},
booktitle={System Sciences (HICSS), 2015 48th Hawaii International Conference on},
title={Brand Memory, Attitude, and State Aggression in Violent Games: Focused on the Roles of Arousal, Negative Affect, and Spatial Presence},
year={2015},
pages={3538-3547},
doi={10.1109/HICSS.2015.426},
ISSN={1530-1605},
month={Jan},}

%13
@inproceedings{Steinicke,
 author = {Steinicke, Frank and Bruder, Gerd and Hinrichs, Klaus and Steed, Anthony},
 title = {Presence-enhancing Real Walking User Interface for First-person Video Games},
 booktitle = {Proceedings of the 2009 ACM SIGGRAPH Symposium on Video Games},
 series = {Sandbox '09},
 year = {2009},
 isbn = {978-1-60558-514-7},
 location = {New Orleans, Louisiana},
 pages = {111--118},
 numpages = {8},
 url = {http://doi.acm.org.ezproxy.falmouth.ac.uk/10.1145/1581073.1581091},
 doi = {10.1145/1581073.1581091},
 acmid = {1581091},
 publisher = {ACM},
} 

%14
@inproceedings{McEwan:2012,
 author = {McEwan, Mitchell and Johnson, Daniel and Wyeth, Peta and Blackler, Alethea},
 title = {Videogame Control Device Impact on the Play Experience},
 booktitle = {Proceedings of The 8th Australasian Conference on Interactive Entertainment: Playing the System},
 series = {IE '12},
 year = {2012},
 isbn = {978-1-4503-1410-7},
 location = {Auckland, New Zealand},
 pages = {18:1--18:3},
 articleno = {18},
 numpages = {3},
 url = {http://doi.acm.org/10.1145/2336727.2336745},
 doi = {10.1145/2336727.2336745},
 acmid = {2336745},
 publisher = {ACM},
} 

%15
@inproceedings{McEwan:2014,
 author = {McEwan, Mitchell W. and Blackler, Alethea L. and Johnson, Daniel M. and Wyeth, Peta A.},
 title = {Natural Mapping and Intuitive Interaction in Videogames},
 booktitle = {Proceedings of the First ACM SIGCHI Annual Symposium on Computer-human Interaction in Play},
 series = {CHI PLAY '14},
 year = {2014},
 isbn = {978-1-4503-3014-5},
 location = {Toronto, Ontario, Canada},
 pages = {191--200},
 numpages = {10},
 url = {http://doi.acm.org/10.1145/2658537.2658541},
 doi = {10.1145/2658537.2658541},
 acmid = {2658541},
 publisher = {ACM},
} 

@article{McGloin,
 author = {McGloin, Rory and Krcmar, Marina},
 title = {The Impact of Controller Naturalness on Spatial Presence, Gamer Enjoyment, and Perceived Realism in a Tennis Simulation Video Game},
 journal = {Presence: Teleoper. Virtual Environ.},
 issue_date = {August 2011},
 volume = {20},
 number = {4},
 month = aug,
 year = {2011},
 issn = {1054-7460},
 pages = {309--324},
 numpages = {16},
 url = {http://dx.doi.org.ezproxy.falmouth.ac.uk/10.1162/PRES_a_00053},
 doi = {10.1162/PRES_a_00053},
 acmid = {2077978},
 publisher = {MIT Press},
 address = {Cambridge, MA, USA},
} 

@article{anderson2004update,
  title={An update on the effects of playing violent video games},
  author={Anderson, Craig A},
  journal={Journal of adolescence},
  volume={27},
  number={1},
  pages={113--122},
  year={2004},
  publisher={Elsevier}
}

@inproceedings{Whitson,
 author = {Whitson, Jennifer and Eaket, Chris and Greenspan, Brian and Tran, Minh Quang and King, Natalie},
 title = {Neo-immersion: Awareness and Engagement in Gameplay},
 booktitle = {Proceedings of the 2008 Conference on Future Play: Research, Play, Share},
 series = {Future Play '08},
 year = {2008},
 isbn = {978-1-60558-218-4},
 location = {Toronto, Ontario, Canada},
 pages = {220--223},
 numpages = {4},
 url = {http://doi.acm.org/10.1145/1496984.1497028},
 doi = {10.1145/1496984.1497028},
 acmid = {1497028},
 publisher = {ACM},
 address = {New York, NY, USA},
 keywords = {awareness, immersion, video games},
} 

% ethics
@article{forsyth,
  title={A taxonomy of ethical ideologies.},
  author={Forsyth, Donelson R},
  journal={Journal of Personality and Social psychology},
  volume={39},
  number={1},
  pages={175},
  year={1980},
  publisher={American Psychological Association}
}

@article{przybylski2014competence,
  title={Competence-impeding electronic games and playersâ€™ aggressive feelings, thoughts, and behaviors.},
  author={Przybylski, Andrew K and Deci, Edward L and Rigby, C Scott and Ryan, Richard M},
  journal={Journal of personality and social psychology},
  volume={106},
  number={3},
  pages={441},
  year={2014},
  publisher={American Psychological Association}
}
